@misc{asseldonk,
    author = "Ruud van Asseldonk",
    year = "2016",
    title = "Zero-cost abstractions",
    howpublished = {\url{https://ruudvanasseldonk.com/2016/11/30/zero-cost-abstractions}},
    note = "Accessed: 2016-12-02"
}

@misc{systempop,
    author = "W3Techs",
    year = "2016",
    title = "Usage of operating systems for websites",
    howpublished = {\url{https://w3techs.com/technologies/overview/operating_system/all}},
    note = "Accessed: 2016-12-02"
}

@misc{rrdtool,
    author = "Tobias Oetiker",
    year = "2014",
    title = "About RRDtool",
    howpublished = {\url{http://oss.oetiker.ch/rrdtool/}},
    note = "Accessed: 2016-12-02"
}

@misc{tiobe,
    author = "TIOBE",
    year = "2016",
    title = "TIOBE Index for December 2016",
    howpublished = {\url{http://www.tiobe.com/tiobe-index/}},
    note = "Accessed: 2016-12-05"
}